@article{popper1992,
author = {Karl Popper},
title = {Realism and the Aim of Science: From the Postscript to The Logic of Scientific Discovery},
journal = {1992},
}
